<record><leader>00000cas a2200000Ia 4500</leader><controlfield tag="001">37046251</controlfield><controlfield tag="008">970611c19uu9999vauwr ne      0    0eng d</controlfield><datafield ind1=" " ind2=" " tag="010"><subfield code="a">sn 97066013 </subfield></datafield><datafield ind1=" " ind2=" " tag="040"><subfield code="a">VIC</subfield><subfield code="b">eng</subfield><subfield code="c">VIC</subfield><subfield code="d">NVK</subfield><subfield code="d">OCLCQ</subfield></datafield><datafield ind1=" " ind2=" " tag="043"><subfield code="a">n-us-va</subfield></datafield><datafield ind1="0" ind2="4" tag="245"><subfield code="a">The Valley banner.</subfield></datafield><datafield ind1=" " ind2=" " tag="260"><subfield code="a">Elkton (Va.) :</subfield><subfield code="b">Valley Banner Pub. Co.</subfield></datafield><datafield ind1=" " ind2=" " tag="300"><subfield code="a">v.</subfield></datafield><datafield ind1=" " ind2=" " tag="310"><subfield code="a">Weekly</subfield></datafield><datafield ind1="1" ind2=" " tag="362"><subfield code="a">Began in Sept. 1966.</subfield><subfield code="z">Cf. Gale Directories of Publication and Broadcast Media (1972).</subfield></datafield><datafield ind1=" " ind2=" " tag="530"><subfield code="a">Available on microfilm from UMI.</subfield></datafield><datafield ind1=" " ind2=" " tag="588"><subfield code="a">Description based on: Vol. 31, no. 16 (Jan. 2, 1997).</subfield></datafield><datafield ind1=" " ind2="0" tag="651"><subfield code="a">Elkton (Va.)</subfield><subfield code="v">Newspapers.</subfield></datafield><datafield ind1=" " ind2=" " tag="752"><subfield code="a">United States</subfield><subfield code="b">Virginia</subfield><subfield code="c">Rockingham</subfield><subfield code="d">Elkton.</subfield></datafield></record>